%%
%% WinShell 3.3.2.6
%% http://www.winshell.org/
%%

% Strings


% Preamble


% BibTeX Entries
@article{label9921,
 author               = {Unknown Author},
 journal              = {Unknown Journal},
 title                = {Unknown Title},
 year                 = {2017},
 }
